@article{Pegoraro1973-tt,
  title   = "The dilation group and dimensionless quantities in classical and
             relativistic hydrodynamics",
  author  = "Pegoraro, Francesco",
  journal = "Meccanica",
  volume  =  8,
  number  =  4,
  pages   = "216--222",
  month   =  dec,
  year    =  1973,
  issn    = "0025-6455, 1572-9648",
  doi     = "10.1007/BF02342407"
}

@article{Fisher1998-lm,
  title   = "Renormalization group theory: Its basis and formulation in
             statistical physics",
  author  = "Fisher, Michael E",
  journal = "Rev. Mod. Phys.",
  volume  =  70,
  number  =  2,
  pages   = "653--681",
  month   =  apr,
  year    =  1998,
  issn    = "0034-6861",
  doi     = "10.1103/RevModPhys.70.653"
}

@book{Cantwell2002-dv,
  title     = {Introduction to symmetry analysis},
  author    = {Cantwell, Brian J},
  publisher = {Cambridge University Press},
  volume    = 1,
  month     = sep,
  year      = 2002,
  isbn      = {9781139431712}
}

@article{Zeisel2011-nz,
  title     = {Coupled {pre‐mRNA} and {mRNA} dynamics unveil operational
               strategies underlying transcriptional responses to stimuli},
  author    = {Zeisel, Amit and K{\"o}stler, Wolfgang J and Molotski, Natali
               and Tsai, Jonathan M and Krauthgamer, Rita and Jacob‐Hirsch,
               Jasmine and Rechavi, Gideon and Soen, Yoav and Jung, Steffen and
               Yarden, Yosef and Domany, Eytan},
  journal   = {Mol. Syst. Biol.},
  publisher = {John Wiley \& Sons, Ltd},
  volume    = 7,
  number    = 1,
  pages     = {529},
  month     = jan,
  year      = 2011,
  keywords  = {half‐life; operational strategy; pre‐mRNA; transcriptional
               response},
  issn      = {1744-4292},
  doi       = {10.1038/msb.2011.62}
}

@book{Wells2012-qf,
  title     = {Effective Theories in Physics: From Planetary Orbits to
               Elementary Particle Masses},
  author    = {Wells, James D},
  publisher = {Springer Berlin Heidelberg},
  month     = dec,
  year      = 2012,
  language  = {en},
  isbn      = {9783642348914},
  doi       = {10.1007/978-3-642-34892-1}
}

@book{Phillips2012-mi,
  title     = {Physical biology of the cell},
  author    = {Phillips, R and Kondev, J and Theriot, J and Garcia, H},
  publisher = {Garland Science},
  edition   = {2nd},
  year      = 2012,
  isbn      = {9780815344506}
}

@BOOK{Alberts2014-kt,
  title     = "Molecular Biology of the Cell",
  author    = "Alberts, Bruce and Johnson, Alexander and Lewis, Julian and
               Morgan, David and Raff, Martin and Roberts, Keith and Walter,
               Peter",
  publisher = "Garland Science",
  edition   = "6th",
  year      =  2014,
  address   = "London",
  isbn      = "9780393884821"
}


@article{La_Manno2018-lj,
  title     = {{RNA} velocity of single cells},
  author    = {La Manno, Gioele and Soldatov, Ruslan and Zeisel, Amit and {RNA
               velocity authors} and Linnarsson, Sten and Kharchenko, Peter V},
  journal   = {Nature},
  publisher = {Nature Publishing Group},
  month     = aug,
  year      = 2018,
  keywords  = {Differentiation; Genome informatics},
  issn      = {0028-0836},
  doi       = {10.1038/s41586-018-0414-6}
}

@book{Alon2019-ah,
  title     = {An Introduction to Systems Biology: Design Principles of
               Biological Circuits},
  author    = {Alon, Uri},
  publisher = {CRC Press LLC},
  volume    = 62,
  pages     = {442},
  edition   = {2nd},
  year      = 2019,
  keywords  = {Systems biology},
  language  = {en},
  issn      = {0029-540X},
  isbn      = {9781439837177}
}

@article{Bastidas-Ponce2019-lf,
  title    = {Comprehensive single cell {mRNA} profiling reveals a detailed
              roadmap for pancreatic endocrinogenesis},
  author   = {Bastidas-Ponce, Aim{\'e}e and Tritschler, Sophie and Dony,
              Leander and Scheibner, Katharina and Tarquis-Medina, Marta and
              Salinno, Ciro and Schirge, Silvia and Burtscher, Ingo and
              B{\"o}ttcher, Anika and Theis, Fabian J and Lickert, Heiko and
              Bakhti, Mostafa},
  journal  = {Development},
  volume   = 146,
  number   = 12,
  month    = jun,
  year     = 2019,
  keywords = {Endocrine cell allocation; Endocrine progenitor-precursor;
              Endocrinogenesis; Mouse; Neurog3; Single cell RNA sequencing},
  language = {en},
  issn     = {0950-1991, 1477-9129},
  pmid     = {31160421},
  doi      = {10.1242/dev.173849}
}

@article{Cao2020-xv,
  title    = "Analytical distributions for detailed models of stochastic gene
              expression in eukaryotic cells",
  author   = "Cao, Zhixing and Grima, Ramon",
  journal  = "Proc. Natl. Acad. Sci. U. S. A.",
  volume   =  117,
  number   =  9,
  pages    = "4682--4692",
  month    =  mar,
  year     =  2020,
  keywords = "master equation; perturbation theory; stochastic gene expression",
  language = "en",
  issn     = "0027-8424, 1091-6490",
  pmid     = "32071224",
  doi      = "10.1073/pnas.1910888117",
  pmc      = "PMC7060679"
}

@article{Ham2020-ij,
  title   = "Exactly solvable models of stochastic gene expression",
  author  = "Ham, Lucy and Schnoerr, David and Brackston, Rowan D and Stumpf,
             Michael P H",
  journal = "J. Chem. Phys.",
  volume  =  152,
  number  =  14,
  pages   = "144106",
  month   =  apr,
  year    =  2020,
  issn    = "0021-9606",
  doi     = "10.1063/1.5143540"
}

@article{Bergen2020-pj,
  title    = {Generalizing {RNA} velocity to transient cell states through
              dynamical modeling},
  author   = {Bergen, Volker and Lange, Marius and Peidli, Stefan and Wolf, F
              Alexander and Theis, Fabian J},
  journal  = {Nat. Biotechnol.},
  volume   = 38,
  number   = 12,
  pages    = {1408--1414},
  month    = dec,
  year     = 2020,
  language = {en},
  issn     = {1087-0156, 1546-1696},
  pmid     = {32747759},
  doi      = {10.1038/s41587-020-0591-3}
}


@article{Bergen2021-qz,
  title    = "{RNA} velocity-current challenges and future perspectives",
  author   = "Bergen, Volker and Soldatov, Ruslan A and Kharchenko, Peter V and
              Theis, Fabian J",
  journal  = "Mol. Syst. Biol.",
  volume   =  17,
  number   =  8,
  pages    = "e10282",
  month    =  aug,
  year     =  2021,
  keywords = "RNA velocity; challenges; dynamics; limitations; perspectives",
  language = "en",
  issn     = "1744-4292",
  pmid     = "34435732",
  doi      = "10.15252/msb.202110282",
  pmc      = "PMC8388041"
}


@article{Bohrer2021-qk,
  title    = "The Stochastic Genome and Its Role in Gene Expression",
  author   = "Bohrer, Christopher H and Larson, Daniel R",
  journal  = "Cold Spring Harb. Perspect. Biol.",
  volume   =  13,
  number   =  10,
  month    =  oct,
  year     =  2021,
  language = "en",
  issn     = "1943-0264",
  pmid     = "33903158",
  doi      = "10.1101/cshperspect.a040386",
  pmc      = "PMC8485747"
}

@article{Qin2022-ls,
  title    = {{Pyro-Velocity}: Probabilistic {RNA} Velocity inference from
              single-cell data},
  author   = {Qin, Qian and Bingham, Eli and La Manno, Gioele and Langenau,
              David M and Pinello, Luca},
  journal  = {bioRxiv},
  pages    = {2022.09.12.507691},
  month    = sep,
  year     = 2022,
  language = {en},
  doi      = {10.1101/2022.09.12.507691}
}

@ARTICLE{Marasco2023-yb,
  title    = "The physiology of alternative splicing",
  author   = "Marasco, Luciano E and Kornblihtt, Alberto R",
  journal  = "Nat. Rev. Mol. Cell Biol.",
  volume   =  24,
  number   =  4,
  pages    = "242--254",
  month    =  apr,
  year     =  2023,
  language = "en",
  issn     = "1471-0072, 1471-0080",
  pmid     = "36229538",
  doi      = "10.1038/s41580-022-00545-z",
  pmc      = "431482"
}

@ARTICLE{Mendez-Fernandez2015-xj,
  title     = "Artefact-based requirements engineering: the {AMDiRE} approach",
  author    = "Méndez Fernández, Daniel and Penzenstadler, Birgit",
  journal   = "Requir. Eng.",
  publisher = "Springer Science and Business Media LLC",
  volume    =  20,
  number    =  4,
  pages     = "405--434",
  month     =  nov,
  year      =  2015,
  doi       = "10.1007/s00766-014-0206-y",
  issn      = "0947-3602,1432-010X",
  language  = "en"
}

@ARTICLE{Chuprina2021-xx,
  title         = "Towards artefact-based Requirements Engineering for
                   data-centric systems",
  author        = "Chuprina, Tatiana and Mendez, Daniel and Wnuk, Krzysztof",
  journal       = "arXiv [cs.SE]",
  month         =  mar,
  year          =  2021,
  archivePrefix = "arXiv",
  primaryClass  = "cs.SE",
  eprint        = "2103.05233"
}

@MISC{Unknown2018-jr,
  title       = "{ISO}/{IEC}/{IEEE} International Standard - Systems and
                 software engineering -- Life cycle processes -- Requirements
                 engineering",
  institution = "IEEE",
  address     = "Piscataway, NJ, USA",
  pages       = "1--104",
  year        =  2018,
  doi         = "10.1109/ieeestd.2018.8559686",
  language    = "en"
}

@MISC{Unknown2009-wv,
  title       = "{IEEE} Standard for Information Technology--Systems
                 Design--Software Design Descriptions",
  institution = "IEEE",
  address     = "Piscataway, NJ, USA",
  pages       = "1--35",
  year        =  2009,
  doi         = "10.1109/ieeestd.2009.5167255",
  language    = "en"
}
